<record><leader>00000cas a22000007a 4500</leader><controlfield tag="001">30806132</controlfield><controlfield tag="008">940721d193u196uctuwr ne      0    0eng d</controlfield><datafield ind1=" " ind2=" " tag="010"><subfield code="a">sn 94053169 </subfield></datafield><datafield ind1=" " ind2=" " tag="040"><subfield code="a">CNW</subfield><subfield code="b">eng</subfield><subfield code="c">CNW</subfield><subfield code="d">OCLCQ</subfield><subfield code="d">OCLCF</subfield><subfield code="d">OCLCO</subfield></datafield><datafield ind1="1" ind2=" " tag="029"><subfield code="a">AU@</subfield><subfield code="b">000025873836</subfield></datafield><datafield ind1="1" ind2=" " tag="029"><subfield code="a">NZ1</subfield><subfield code="b">16065641</subfield></datafield><datafield ind1=" " ind2=" " tag="042"><subfield code="a">msc</subfield></datafield><datafield ind1=" " ind2=" " tag="043"><subfield code="a">n-us-ct</subfield></datafield><datafield ind1="0" ind2=" " tag="130"><subfield code="a">Sunday herald (Bridgeport, Conn. : County ed.)</subfield></datafield><datafield ind1="1" ind2="0" tag="245"><subfield code="a">Sunday herald.</subfield></datafield><datafield ind1=" " ind2=" " tag="250"><subfield code="a">County ed.</subfield></datafield><datafield ind1=" " ind2=" " tag="260"><subfield code="a">Bridgeport, Conn. :</subfield><subfield code="b">Bridgeport Herald Corp.</subfield></datafield><datafield ind1=" " ind2=" " tag="300"><subfield code="a">v.</subfield></datafield><datafield ind1=" " ind2=" " tag="310"><subfield code="a">Weekly</subfield></datafield><datafield ind1=" " ind2=" " tag="580"><subfield code="a">Other editions available: City ed., State ed., Danbury, Derby, Waterbury, Ansonia ed., Hartford ed., New Haven ed., New London ed.</subfield></datafield><datafield ind1=" " ind2=" " tag="588"><subfield code="a">Description based on: Vol. 47, no. 1 (Jan. 2, 1938).</subfield></datafield><datafield ind1=" " ind2="0" tag="651"><subfield code="a">Bridgeport (Conn.)</subfield><subfield code="v">Newspapers.</subfield></datafield><datafield ind1=" " ind2="0" tag="651"><subfield code="a">Fairfield County (Conn.)</subfield><subfield code="v">Newspapers.</subfield></datafield><datafield ind1=" " ind2="7" tag="655"><subfield code="a">Newspapers.</subfield><subfield code="2">fast</subfield><subfield code="0">(OCoLC)fst01423814</subfield></datafield><datafield ind1=" " ind2="7" tag="651"><subfield code="a">Connecticut</subfield><subfield code="z">Bridgeport.</subfield><subfield code="2">fast</subfield><subfield code="0">(OCoLC)fst01209541</subfield></datafield><datafield ind1=" " ind2="7" tag="651"><subfield code="a">Connecticut</subfield><subfield code="z">Fairfield County.</subfield><subfield code="2">fast</subfield><subfield code="0">(OCoLC)fst01207658</subfield></datafield><datafield ind1=" " ind2=" " tag="752"><subfield code="a">United States</subfield><subfield code="b">Connecticut</subfield><subfield code="c">Fairfield</subfield><subfield code="d">Bridgeport.</subfield></datafield><datafield ind1="1" ind2=" " tag="775"><subfield code="t">Sunday herald (Bridgeport, Conn. : City ed.)</subfield><subfield code="w">(DLC)sn 92051195</subfield><subfield code="w">(OCoLC)25650940</subfield></datafield><datafield ind1="1" ind2=" " tag="775"><subfield code="t">Sunday herald (Bridgeport, Conn. : Danbury, Derby, Waterbury, Ansonia ed.)</subfield><subfield code="w">(DLC)sn 92051197</subfield><subfield code="w">(OCoLC)25651012</subfield></datafield><datafield ind1="1" ind2=" " tag="775"><subfield code="t">Sunday herald (Bridgeport, Conn. : State ed.)</subfield><subfield code="w">(DLC)sn 92051196</subfield><subfield code="w">(OCoLC)25650981</subfield></datafield><datafield ind1="1" ind2=" " tag="775"><subfield code="t">Sunday herald (Bridgeport, Conn. : New Haven ed.)</subfield><subfield code="w">(DLC)sn 92051199</subfield><subfield code="w">(OCoLC)25651186</subfield></datafield><datafield ind1="1" ind2=" " tag="775"><subfield code="t">Sunday herald (Bridgeport, Conn. : Hartford ed.)</subfield><subfield code="w">(DLC)sn 92051198</subfield><subfield code="w">(OCoLC)25651132</subfield></datafield><datafield ind1="1" ind2=" " tag="775"><subfield code="t">Sunday herald (Bridgeport, Conn. : New London ed.)</subfield><subfield code="w">(DLC)sn 92051200</subfield><subfield code="w">(OCoLC)25651220</subfield></datafield><datafield ind1="0" ind2="0" tag="780"><subfield code="t">Bridgeport herald (Bridgeport, Conn. : County ed.)</subfield><subfield code="w">(DLC)sn 92051184</subfield><subfield code="w">(OCoLC)25650908</subfield></datafield></record>